<?xml version='1.0' encoding='UTF-8'?>
<record xmlns="http://www.loc.gov/MARC21/slim">
  <leader>01399cam a22003251  4500</leader>
  <controlfield tag="001">3197279</controlfield>
  <controlfield tag="003">NjP</controlfield>
  <controlfield tag="005">20171214165001.0</controlfield>
  <controlfield tag="008">000607m19471950ua            000 0 arard</controlfield>
  <datafield tag="024" ind1="7" ind2=" ">
    <subfield code="a">princeton_aco002421</subfield>
    <subfield code="2">local</subfield>
  </datafield>
  <datafield ind1=" " ind2=" " tag="035">
    <subfield code="a">(OCoLC)ocn179094281</subfield>
  </datafield>
  <datafield ind1=" " ind2=" " tag="035">
    <subfield code="a">(OCoLC)179094281</subfield>
  </datafield>
  <datafield ind1=" " ind2=" " tag="035">
    <subfield code="a">(CStRLIN)MIUG87-B36971</subfield>
  </datafield>
  <datafield ind1=" " ind2=" " tag="035">
    <subfield code="9">HA80160TS</subfield>
  </datafield>
  <datafield ind1=" " ind2=" " tag="035">
    <subfield code="a">(NjP)3197279</subfield>
  </datafield>
  <datafield ind1=" " ind2=" " tag="040">
    <subfield code="a">MiU</subfield>
    <subfield code="c">PUL</subfield>
    <subfield code="d">PUL</subfield>
  </datafield>
  <datafield ind1=" " ind2=" " tag="049">
    <subfield code="a">PULL</subfield>
  </datafield>
  <datafield ind1=" " ind2=" " tag="079">
    <subfield code="a">ocm23516851</subfield>
  </datafield>
  <datafield ind1="1" ind2=" " tag="100">
    <subfield code="6">880-01</subfield>
    <subfield code="a">Wakī, Muḥammad ibn Khalaf,</subfield>
    <subfield code="d">d. 941.</subfield>
  </datafield>
  <datafield ind1="1" ind2="0" tag="245">
    <subfield code="6">880-02</subfield>
    <subfield code="a">Akhbār al-quḍāt.</subfield>
    <subfield code="c">Taʼlīf Muḥammad ibn Khalaf ibn Ḥayyān. Ṣaḥḥahu wa-ʻallaqa ʻalayh wa-kharraja aḥādīthah ʻAbd al-ʻAzīz al-Marāghī.</subfield>
  </datafield>
  <datafield ind1=" " ind2=" " tag="250">
    <subfield code="6">880-03</subfield>
    <subfield code="a">alṬabʻah 1.</subfield>
  </datafield>
  <datafield ind1=" " ind2=" " tag="260">
    <subfield code="6">880-04</subfield>
    <subfield code="a">al-Qāhirah,</subfield>
    <subfield code="b">Maṭbaʻat al-Istiqāmah</subfield>
    <subfield code="c">[1947-1950.</subfield>
  </datafield>
  <datafield ind1=" " ind2=" " tag="300">
    <subfield code="a">3 v.</subfield>
    <subfield code="c">24 cm.</subfield>
  </datafield>
  <datafield ind1=" " ind2="0" tag="651">
    <subfield code="a">Islamic Empire</subfield>
    <subfield code="x">Biography.</subfield>
    <subfield code="0">http://id.loc.gov/authorities/subjects/sh85068445</subfield>
  </datafield>
  <datafield ind1="1" ind2=" " tag="880">
    <subfield code="6">100-01/r</subfield>
    <subfield code="a">وكي، محمد بن خلف،</subfield>
    <subfield code="d">d. 941</subfield>
  </datafield>
  <datafield ind1="1" ind2="0" tag="880">
    <subfield code="6">245-02/r</subfield>
    <subfield code="a">اخبار القضاة.</subfield>
    <subfield code="c">تأليف محمد بن خلف بن حيان. صححه وعلق عليه وخرج احاديثة عبد العزيز المراغي.</subfield>
  </datafield>
  <datafield ind1=" " ind2=" " tag="880">
    <subfield code="6">250-03/r</subfield>
    <subfield code="a">الطبعة 1.</subfield>
  </datafield>
  <datafield ind1=" " ind2=" " tag="880">
    <subfield code="6">260-04/r</subfield>
    <subfield code="a">القاهرة،</subfield>
    <subfield code="b">مطبعة الاستقامة</subfield>
    <subfield code="c">[1947-1950.</subfield>
  </datafield>
  <datafield ind1=" " ind2=" " tag="998">
    <subfield code="s">9124</subfield>
  </datafield>
  <datafield ind1=" " ind2=" " tag="994">
    <subfield code="a">C0</subfield>
    <subfield code="b">PUL</subfield>
  </datafield>
  <datafield ind1=" " ind2=" " tag="999">
    <subfield code="a">3197279</subfield>
  </datafield>
  <datafield ind1="0" ind2="0" tag="852">
    <subfield code="0">3515682</subfield>
    <subfield code="b">nec</subfield>
    <subfield code="h">DS38.4.A2</subfield>
    <subfield code="i">W355 1947</subfield>
  </datafield>
  <datafield ind1=" " ind2=" " tag="866">
    <subfield code="0">3515682</subfield>
    <subfield code="a">mujallad 1-3</subfield>
  </datafield>
  <datafield ind1=" " ind2="0" tag="866">
    <subfield code="0">3515682</subfield>
    <subfield code="z">Original copy</subfield>
  </datafield>
  <datafield ind1=" " ind2=" " tag="959">
    <subfield code="a">2000-06-13 00:00:00 -0400</subfield>
  </datafield>
</record>
